@online{cpp_relational,
  author = {cppreference.com},
  title = {Relational and comparison operators},
  url = {https://en.cppreference.com/w/cpp/language/operator_comparison},
  urldate = {2025-10-16}
}

@online{cpp_logical,
  author = {cppreference.com},
  title = {Logical operators},
  url = {https://en.cppreference.com/w/cpp/language/operator_logical},
  urldate = {2025-10-16}
}

@online{cpp_if,
  author = {cppreference.com},
  title = {if statement},
  url = {https://en.cppreference.com/w/cpp/language/if},
  urldate = {2025-10-16}
}